@article{Schirmacher2020,
	title        = {Function and Benefits of Natural Competence in Cyanobacteria: From Ecology to Targeted Manipulation},
	author       = {Alexandra M. Schirmacher and Sayali S. Hanamghar and Julie A. Z. Zedler},
	year         = 2020,
	month        = oct,
	publisher    = {{MDPI} {AG}},
	volume       = 10,
	number       = 11,
	pages        = 249,
	doi          = {10.3390/life10110249},
	url          = {https://doi.org/10.3390/life10110249}
}
@article{Zhang2007,
	title        = {Optimum conditions for transformation of Synechocystis sp. PCC 6803},
	author       = {Zang, Xiaonan and Liu, Bin and Liu, Shunmei and Arunakumara, K K I U and Zhang, Xuecheng},
	year         = 2007,
	month        = {June},
	journal      = {Journal of microbiology (Seoul, Korea)},
	volume       = 45,
	number       = 3,
	pages        = {241â€”245},
	issn         = {1225-8873},
	url          = {http://europepmc.org/abstract/MED/17618230},
	pmid         = 17618230
}
@incollection{Podar2012,
	title        = {Plant Growth and Cultivation},
	author       = {Dorina Podar},
	year         = 2012,
	month        = oct,
	publisher    = {Humana Press},
	pages        = {23--45},
	doi          = {10.1007/978-1-62703-152-3_2},
	url          = {https://doi.org/10.1007/978-1-62703-152-3_2}
}
@article{Murashige1962,
	title        = {A Revised Medium for Rapid Growth and Bio Assays with Tobacco Tissue Cultures},
	author       = {Toshio Murashige and Folke Skoog},
	year         = 1962,
	month        = jul,
	publisher    = {Wiley},
	volume       = 15,
	number       = 3,
	pages        = {473--497},
	doi          = {10.1111/j.1399-3054.1962.tb08052.x},
	url          = {https://doi.org/10.1111/j.1399-3054.1962.tb08052.x}
}
@article{Goto2012,
	title        = {{PLANT} {PRODUCTION} {IN} A {CLOSED} {PLANT} {FACTORY} {WITH} {ARTIFICIAL} {LIGHTING}},
	author       = {E. Goto},
	year         = 2012,
	month        = oct,
	publisher    = {International Society for Horticultural Science ({ISHS})},
	number       = 956,
	pages        = {37--49},
	doi          = {10.17660/actahortic.2012.956.2},
	url          = {https://doi.org/10.17660/actahortic.2012.956.2}
}
@article{Arrivault2006,
	title        = {The Arabidopsis metal tolerance protein {AtMTP}3 maintains metal homeostasis by mediating Zn exclusion from the shoot under Fe deficiency and Zn oversupply},
	author       = {St{\'{e}}phanie Arrivault and Toralf Senger and Ute Kr\"{a}mer},
	year         = 2006,
	month        = jun,
	publisher    = {Wiley},
	volume       = 46,
	number       = 5,
	pages        = {861--879},
	doi          = {10.1111/j.1365-313x.2006.02746.x},
	url          = {https://doi.org/10.1111/j.1365-313x.2006.02746.x}
}
@article{Gibeaut1997,
	title        = {Maximal Biomass of Arabidopsis thaliana Using a Simple,  Low-Maintenance Hydroponic Method and Favorable Environmental Conditions},
	author       = {D. M. Gibeaut and J. Hulett and G. R. Cramer and J. R. Seemann},
	year         = 1997,
	month        = oct,
	publisher    = {Oxford University Press ({OUP})},
	volume       = 115,
	number       = 2,
	pages        = {317--319},
	doi          = {10.1104/pp.115.2.317},
	url          = {https://doi.org/10.1104/pp.115.2.317}
}
@article{Peiter2007,
	title        = {A secretory pathway-localized cation diffusion facilitator confers plant manganese tolerance},
	author       = {E. Peiter and B. Montanini and A. Gobert and P. Pedas and S. Husted and F. J. M. Maathuis and D. Blaudez and M. Chalot and D. Sanders},
	year         = 2007,
	month        = may,
	publisher    = {Proceedings of the National Academy of Sciences},
	volume       = 104,
	number       = 20,
	pages        = {8532--8537},
	doi          = {10.1073/pnas.0609507104},
	url          = {https://doi.org/10.1073/pnas.0609507104}
}
@article{Koslowsky2008,
	title        = {Higher biomass accumulation by increasing phosphoribosylpyrophosphate synthetase activity in Arabidopsis thaliana and Nicotiana tabacum},
	author       = {Silke Koslowsky and Heike Riegler and Eveline Bergm\"{u}ller and Rita Zrenner},
	year         = 2008,
	month        = apr,
	publisher    = {Wiley},
	volume       = 6,
	number       = 3,
	pages        = {281--294},
	doi          = {10.1111/j.1467-7652.2007.00314.x},
	url          = {https://doi.org/10.1111/j.1467-7652.2007.00314.x}
}
@article{Gries1995,
	title        = {Phytosiderophore release in relation to micronutrient metal deficiencies in barley},
	author       = {Dirk Gries and Sylke Brunn and David E. Crowley and David R. Parker},
	year         = 1995,
	publisher    = {Springer Science and Business Media {LLC}},
	volume       = 172,
	number       = 2,
	pages        = {299--308},
	doi          = {10.1007/bf00011332},
	url          = {https://doi.org/10.1007/bf00011332}
}
@article{Holme2006,
	title        = {Transformation of barley (Hordeum vulgare L.) by Agrobacterium tumefaciens infection of in vitro cultured ovules},
	author       = {Inger B{\ae}ksted Holme and Henrik Brinch-Pedersen and Mette Lange and Preben Bach Holm},
	year         = 2006,
	month        = jul,
	publisher    = {Springer Science and Business Media {LLC}},
	volume       = 25,
	number       = 12,
	pages        = {1325--1335},
	doi          = {10.1007/s00299-006-0188-4},
	url          = {https://doi.org/10.1007/s00299-006-0188-4}
}
@article{Murray2004,
	title        = {Comparison of Agrobacterium -mediated transformation of four barley cultivars using the {GFP} and {GUS} reporter genes},
	author       = {F. Murray and R. Brettell and P. Matthews and D. Bishop and J. Jacobsen},
	year         = 2004,
	month        = jan,
	publisher    = {Springer Science and Business Media {LLC}},
	volume       = 22,
	number       = 6,
	pages        = {397--402},
	doi          = {10.1007/s00299-003-0704-8},
	url          = {https://doi.org/10.1007/s00299-003-0704-8}
}
@article{Miyamoto2001,
	title        = {Hydraulic conductivity of rice roots},
	author       = {Naoko Miyamoto and Ernst Steudle and Tadashi Hirasawa and Renee Lafitte},
	year         = 2001,
	month        = sep,
	publisher    = {Oxford University Press ({OUP})},
	volume       = 52,
	number       = 362,
	pages        = {1835--1846},
	doi          = {10.1093/jexbot/52.362.1835},
	url          = {https://doi.org/10.1093/jexbot/52.362.1835}
}
@article{MartinezAtienza2006,
	title        = {Conservation of the Salt Overly Sensitive Pathway in Rice},
	author       = {Juliana Martinez Atienza and Xingyu Jiang and Blanca Garciadeblas and Imelda Mendoza and Jian-Kang Zhu and Jose{\'} M. Pardo and Francisco J. Quintero},
	year         = 2006,
	month        = dec,
	publisher    = {Oxford University Press ({OUP})},
	volume       = 143,
	number       = 2,
	pages        = {1001--1012},
	doi          = {10.1104/pp.106.092635},
	url          = {https://doi.org/10.1104/pp.106.092635}
}
@book{Richmond2013,
	title        = {Handbook of Microalgal Culture},
	year         = 2013,
	month        = may,
	publisher    = {John Wiley {\&} Sons,  Ltd},
	doi          = {10.1002/9781118567166},
	url          = {https://doi.org/10.1002/9781118567166},
	editor       = {Amos Richmond and Qiang Hu}
}
@article{Whitelam1983,
	title        = {Rapid separation of microalgae by density gradient centrifugation in Percoll},
	author       = {Garry C. Whitelam and Thomas Lanaras and Geoffrey A. Codd},
	year         = 1983,
	month        = mar,
	publisher    = {Informa {UK} Limited},
	volume       = 18,
	number       = 1,
	pages        = {23--28},
	doi          = {10.1080/00071618300650031},
	url          = {https://doi.org/10.1080/00071618300650031}
}
@article{Carreto2011,
	title        = {Mycosporine-Like Amino Acids: Relevant Secondary Metabolites. Chemical and Ecological Aspects},
	author       = {Jose I. Carreto and Mario O. Carignan},
	year         = 2011,
	month        = mar,
	publisher    = {{MDPI} {AG}},
	volume       = 9,
	number       = 3,
	pages        = {387--446},
	doi          = {10.3390/md9030387},
	url          = {https://doi.org/10.3390/md9030387}
}
@article{Yao2018,
	title        = {Microalgae-bacteria symbiosis in microalgal growth and biofuel production: a review},
	author       = {S. Yao and S. Lyu and Y. An and J. Lu and C. Gjermansen and A. Schramm},
	year         = 2018,
	month        = oct,
	publisher    = {Wiley},
	volume       = 126,
	number       = 2,
	pages        = {359--368},
	doi          = {10.1111/jam.14095},
	url          = {https://doi.org/10.1111/jam.14095}
}
@article{Georgianna2012,
	title        = {Exploiting diversity and synthetic biology for the production of algal biofuels},
	author       = {D. Ryan Georgianna and Stephen P. Mayfield},
	year         = 2012,
	month        = aug,
	publisher    = {Springer Science and Business Media {LLC}},
	volume       = 488,
	number       = 7411,
	pages        = {329--335},
	doi          = {10.1038/nature11479},
	url          = {https://doi.org/10.1038/nature11479}
}
@article{Crozet2018,
	title        = {Birth of a Photosynthetic Chassis: A {MoClo} Toolkit Enabling Synthetic Biology in the Microalga Chlamydomonas reinhardtii},
	author       = {Pierre Crozet and Francisco J. Navarro and Felix Willmund and Payam Mehrshahi and Kamil Bakowski and Kyle J. Lauersen and Maria-Esther P{\'{e}}rez-P{\'{e}}rez and Pascaline Auroy and Aleix Gorchs Rovira and Susana Sauret-Gueto and Justus Niemeyer and Benjamin Spaniol and Jasmine Theis and Raphael Tr\"{o}sch and Lisa-Desiree Westrich and Konstantinos Vavitsas and Thomas Baier and Wolfgang H\"{u}bner and Felix de Carpentier and Mathieu Cassarini and Antoine Danon and Julien Henri and Christophe H. Marchand and Marcello de Mia and Kevin Sarkissian and David C. Baulcombe and Gilles Peltier and Jos{\'{e}}-Luis Crespo and Olaf Kruse and Poul-Erik Jensen and Michael Schroda and Alison G. Smith and St{\'{e}}phane D. Lemaire},
	year         = 2018,
	month        = aug,
	publisher    = {American Chemical Society ({ACS})},
	volume       = 7,
	number       = 9,
	pages        = {2074--2086},
	doi          = {10.1021/acssynbio.8b00251},
	url          = {https://doi.org/10.1021/acssynbio.8b00251}
}
@article{Chretiennot-Dinet1995,
	title        = {A new marine picoeucaryote: Ostreococcus tauri gen. et sp. nov. (Chlorophyta,  Prasinophyceae)},
	author       = {M-J. Chr{\'{e}}tiennot-Dinet and C. Courties and A. Vaquer and J. Neveux and H. Claustre and J. Lautier and M. C. Machado},
	year         = 1995,
	month        = jul,
	publisher    = {Informa {UK} Limited},
	volume       = 34,
	number       = 4,
	pages        = {285--292},
	doi          = {10.2216/i0031-8884-34-4-285.1},
	url          = {https://doi.org/10.2216/i0031-8884-34-4-285.1}
}
@article{Derelle2006,
	title        = {Genome analysis of the smallest free-living eukaryote Ostreococcus tauri unveils many unique features},
	author       = {E. Derelle and C. Ferraz and S. Rombauts and P. Rouze and A. Z. Worden and S. Robbens and F. Partensky and S. Degroeve and S. Echeynie and R. Cooke and Y. Saeys and J. Wuyts and K. Jabbari and C. Bowler and O. Panaud and B. Piegu and S. G. Ball and J.-P. Ral and F.-Y. Bouget and G. Piganeau and B. De Baets and A. Picard and M. Delseny and J. Demaille and Y. Van de Peer and H. Moreau},
	year         = 2006,
	month        = jul,
	publisher    = {Proceedings of the National Academy of Sciences},
	volume       = 103,
	number       = 31,
	pages        = {11647--11652},
	doi          = {10.1073/pnas.0604795103},
	url          = {https://doi.org/10.1073/pnas.0604795103}
}
@article{vanOoijen2012,
	title        = {Genomic Transformation of the Picoeukaryote Ostreococcus tauri},
	author       = {Gerben van Ooijen and Kirsten Knox and Katalin Kis and Fran{\c{c}}ois-Yves Bouget and Andrew J. Millar},
	year         = 2012,
	month        = jul,
	publisher    = {{MyJove} Corporation},
	number       = 65,
	doi          = {10.3791/4074},
	url          = {https://doi.org/10.3791/4074}
}
@article{Kroth2018,
	title        = {Genome editing in diatoms: achievements and goals},
	author       = {Peter G. Kroth and Atle M. Bones and Fayza Daboussi and Maria I. Ferrante and Marianne Jaubert and Misha Kolot and Marianne Nymark and Carolina R{\'{\i}}o B{\'{a}}rtulos and Andr{\'{e}}s Ritter and Monia T. Russo and Manuel Serif and Per Winge and Angela Falciatore},
	year         = 2018,
	month        = aug,
	publisher    = {Springer Science and Business Media {LLC}},
	volume       = 37,
	number       = 10,
	pages        = {1401--1408},
	doi          = {10.1007/s00299-018-2334-1},
	url          = {https://doi.org/10.1007/s00299-018-2334-1}
}
@article{Bitaub2008,
	title        = {Kinetic model for growth of Phaeodactylum tricornutum in intensive culture photobioreactor},
	author       = {E. Bitaub{\'{e}} P{\'{e}}rez and I. Caro Pina and L. P{\'{e}}rez Rodriguez},
	year         = 2008,
	month        = jul,
	publisher    = {Elsevier {BV}},
	volume       = 40,
	number       = 3,
	pages        = {520--525},
	doi          = {10.1016/j.bej.2008.02.007},
	url          = {https://doi.org/10.1016/j.bej.2008.02.007}
}
@article{Cook2015,
	title        = {Enhancing {LC}-{PUFA} production in Thalassiosira pseudonana by overexpressing the endogenous fatty acid elongase genes},
	author       = {Orna Cook and Mark Hildebrand},
	year         = 2015,
	month        = may,
	publisher    = {Springer Science and Business Media {LLC}},
	volume       = 28,
	number       = 2,
	pages        = {897--905},
	doi          = {10.1007/s10811-015-0617-2},
	url          = {https://doi.org/10.1007/s10811-015-0617-2}
}
@article{Hosseini2009,
	title        = {Dunaliellabiotechnology: methods and applications},
	author       = {A. Hosseini Tafreshi and M. Shariati},
	year         = 2009,
	month        = jul,
	publisher    = {Wiley},
	volume       = 107,
	number       = 1,
	pages        = {14--35},
	doi          = {10.1111/j.1365-2672.2009.04153.x},
	url          = {https://doi.org/10.1111/j.1365-2672.2009.04153.x}
}
@article{Morowvat2016,
	title        = {Culture medium optimization for enhanced beta-carotene and biomass production by Dunaliella salina in mixotrophic culture},
	author       = {Mohammad Hossein Morowvat and Younes Ghasemi},
	year         = 2016,
	month        = jul,
	publisher    = {Elsevier {BV}},
	volume       = 7,
	pages        = {217--223},
	doi          = {10.1016/j.bcab.2016.06.008},
	url          = {https://doi.org/10.1016/j.bcab.2016.06.008}
}
@incollection{Elhai1988,
	title        = {[83] Conjugal transfer of {DNA} to cyanobacteria},
	author       = {Jeff Elhai and C.Peter Wolk},
	year         = 1988,
	publisher    = {Elsevier},
	pages        = {747--754},
	doi          = {10.1016/0076-6879(88)67086-8},
	url          = {https://doi.org/10.1016/0076-6879(88)67086-8}
}
@article{Yu2015,
	title        = {Synechococcus elongatus {UTEX} 2973,  a fast growing cyanobacterial chassis for biosynthesis using light and {CO}2},
	author       = {Jingjie Yu and Michelle Liberton and Paul F. Cliften and Richard D. Head and Jon M. Jacobs and Richard D. Smith and David W. Koppenaal and Jerry J. Brand and Himadri B. Pakrasi},
	year         = 2015,
	month        = jan,
	publisher    = {Springer Science and Business Media {LLC}},
	volume       = 5,
	number       = 1,
	doi          = {10.1038/srep08132},
	url          = {https://doi.org/10.1038/srep08132}
}
@article{Gale2019,
	title        = {Genetic Modification of Cyanobacteria by Conjugation Using the {CyanoGate} Modular Cloning Toolkit},
	author       = {Grant A. R. Gale and Alejandra A. Schiavon Osorio and Anton Puzorjov and Baojun Wang and Alistair J. McCormick},
	year         = 2019,
	month        = oct,
	publisher    = {{MyJove} Corporation},
	number       = 152,
	doi          = {10.3791/60451},
	url          = {https://doi.org/10.3791/60451}
}
@article{Stucken2012,
	title        = {Transformation and Conjugal Transfer of Foreign Genes into the Filamentous Multicellular Cyanobacteria (Subsection V) Fischerella and Chlorogloeopsis},
	author       = {Karina Stucken and Judith Ilhan and Mayo Roettger and Tal Dagan and William F. Martin},
	year         = 2012,
	month        = jul,
	publisher    = {Springer Science and Business Media {LLC}},
	volume       = 65,
	number       = 5,
	pages        = {552--560},
	doi          = {10.1007/s00284-012-0193-5},
	url          = {https://doi.org/10.1007/s00284-012-0193-5}
}
@article{Tsujimoto2015,
	title        = {Transformation of the Cyanobacterium Leptolyngbya boryana by Electroporation},
	author       = {Ryoma Tsujimoto and Hiroya Kotani and Aoi Nonaka and Yuri Miyahara and Yuto Hiraide and Yuichi Fujita},
	year         = 2015,
	publisher    = {Bio-Protocol,  {LLC}},
	volume       = 5,
	number       = 24,
	doi          = {10.21769/bioprotoc.1690},
	url          = {https://doi.org/10.21769/bioprotoc.1690}
}
@article{Koksharova2002,
	title        = {Genetic tools for cyanobacteria},
	author       = {O. Koksharova,  C. Wolk},
	year         = 2002,
	month        = jan,
	publisher    = {Springer Science and Business Media {LLC}},
	volume       = 58,
	number       = 2,
	pages        = {123--137},
	doi          = {10.1007/s00253-001-0864-9},
	url          = {https://doi.org/10.1007/s00253-001-0864-9}
}
@article{Wendt2019,
	title        = {Genomics Approaches to Deciphering Natural Transformation in Cyanobacteria},
	author       = {Kristen E. Wendt and Himadri B. Pakrasi},
	year         = 2019,
	month        = jun,
	publisher    = {Frontiers Media {SA}},
	volume       = 10,
	doi          = {10.3389/fmicb.2019.01259},
	url          = {https://doi.org/10.3389/fmicb.2019.01259}
}
@article{Toyomizu2001,
	author       = {Masaaki Toyomizu and Kazuaki Suzuki and Yoshikazu Kawata and Hiroyuki Kojima and Yukio Akiba},
	year         = 2001,
	publisher    = {Springer Science and Business Media {LLC}},
	volume       = 13,
	number       = 3,
	pages        = {209--214},
	doi          = {10.1023/a:1011182613761},
	url          = {https://doi.org/10.1023/a:1011182613761}
}
@article{Keshavareddy2018,
	title        = {Methods of Plant Transformation- A Review},
	author       = {G. Keshavareddy and A.R.V. Kumar and Vemanna S. Ramu},
	year         = 2018,
	month        = jul,
	publisher    = {Excellent Publishers},
	volume       = 7,
	number       = {07},
	pages        = {2656--2668},
	doi          = {10.20546/ijcmas.2018.707.312},
	url          = {https://doi.org/10.20546/ijcmas.2018.707.312}
}
@article{Hwang2017,
	title        = {Agrobacterium-Mediated Plant Transformation: Biology and Applications},
	author       = {Hau-Hsuan Hwang and Manda Yu and Erh-Min Lai},
	year         = 2017,
	month        = jan,
	publisher    = {{BioOne}},
	volume       = 15,
	pages        = {e0186},
	doi          = {10.1199/tab.0186},
	url          = {https://doi.org/10.1199/tab.0186}
}
@article{Gelwin2003,
	title        = {Agrobacterium -Mediated Plant Transformation: the Biology behind the {\textquotedblleft}Gene-Jockeying{\textquotedblright} Tool},
	author       = {Stanton B. Gelvin},
	year         = 2003,
	month        = mar,
	publisher    = {American Society for Microbiology},
	volume       = 67,
	number       = 1,
	pages        = {16--37},
	doi          = {10.1128/mmbr.67.1.16-37.2003},
	url          = {https://doi.org/10.1128/mmbr.67.1.16-37.2003}
}
@article{Lee2008,
	title        = {T-{DNA} Binary Vectors and Systems},
	author       = {Lan-Ying Lee and Stanton B. Gelvin},
	year         = 2008,
	month        = feb,
	publisher    = {Oxford University Press ({OUP})},
	volume       = 146,
	number       = 2,
	pages        = {325--332},
	doi          = {10.1104/pp.107.113001},
	url          = {https://doi.org/10.1104/pp.107.113001}
}
@article{Clough1998,
	title        = {Floral dip: a simplified method {forAgrobacterium}-mediated transformation {ofArabidopsis} thaliana},
	author       = {Steven J. Clough and Andrew F. Bent},
	year         = 1998,
	month        = dec,
	publisher    = {Wiley},
	volume       = 16,
	number       = 6,
	pages        = {735--743},
	doi          = {10.1046/j.1365-313x.1998.00343.x},
	url          = {https://doi.org/10.1046/j.1365-313x.1998.00343.x}
}
@article{Bally2018,
	title        = {The Rise and Rise of Nicotiana benthamiana: A Plant for All Reasons},
	author       = {Julia Bally and Hyungtaek Jung and Cara Mortimer and Fatima Naim and Joshua G. Philips and Roger Hellens and Aureliano Bombarely and Michael M. Goodin and Peter M. Waterhouse},
	year         = 2018,
	month        = aug,
	publisher    = {Annual Reviews},
	volume       = 56,
	number       = 1,
	pages        = {405--426},
	doi          = {10.1146/annurev-phyto-080417-050141},
	url          = {https://doi.org/10.1146/annurev-phyto-080417-050141}
}
@article{Michielse2008,
	title        = {Agrobacterium-mediated transformation of the filamentous fungus Aspergillus awamori},
	author       = {Caroline B Michielse and Paul J J Hooykaas and Cees A M J J van den Hondel and Arthur F J Ram},
	year         = 2008,
	month        = oct,
	publisher    = {Springer Science and Business Media {LLC}},
	volume       = 3,
	number       = 10,
	pages        = {1671--1678},
	doi          = {10.1038/nprot.2008.154},
	url          = {https://doi.org/10.1038/nprot.2008.154}
}
@incollection{Maliga2014,
	title        = {Plastid Transformation in Nicotiana tabacum and Nicotiana sylvestris by Biolistic {DNA} Delivery to Leaves},
	author       = {Pal Maliga and Tarinee Tungsuchat-Huang},
	year         = 2014,
	publisher    = {Humana Press},
	pages        = {147--163},
	doi          = {10.1007/978-1-62703-995-6_8},
	url          = {https://doi.org/10.1007/978-1-62703-995-6_8}
}
@article{Mosey2021,
	title        = {Methodological review of genetic engineering approaches for non-model algae},
	author       = {Megan Mosey and Damien Douchi and Eric P. Knoshaug and Lieve M.L. Laurens},
	year         = 2021,
	month        = apr,
	publisher    = {Elsevier {BV}},
	volume       = 54,
	pages        = 102221,
	doi          = {10.1016/j.algal.2021.102221},
	url          = {https://doi.org/10.1016/j.algal.2021.102221}
}
@article{Gelvin2017,
	title        = {Integration of Agrobacterium T-{DNA} into the Plant Genome},
	author       = {Stanton B. Gelvin},
	year         = 2017,
	month        = nov,
	publisher    = {Annual Reviews},
	volume       = 51,
	number       = 1,
	pages        = {195--217},
	doi          = {10.1146/annurev-genet-120215-035320},
	url          = {https://doi.org/10.1146/annurev-genet-120215-035320}
}
@article{Pratheesh2013,
	title        = {An Efficient Protocol for the Agrobacterium-mediated Genetic Transformation of Microalga Chlamydomonas reinhardtii},
	author       = {P. T. Pratheesh and M. Vineetha and G. Muraleedhara Kurup},
	year         = 2013,
	month        = nov,
	publisher    = {Springer Science and Business Media {LLC}},
	volume       = 56,
	number       = 6,
	pages        = {507--515},
	doi          = {10.1007/s12033-013-9720-2},
	url          = {https://doi.org/10.1007/s12033-013-9720-2}
}
@article{Sharma2018,
	title        = {Transgene-free genome editing in marine algae by bacterial conjugation {\textendash} comparison with biolistic {CRISPR}/Cas9 transformation},
	author       = {A. K. Sharma and M. Nymark and T. Sparstad and A. M. Bones and P. Winge},
	year         = 2018,
	month        = sep,
	publisher    = {Springer Science and Business Media {LLC}},
	volume       = 8,
	number       = 1,
	doi          = {10.1038/s41598-018-32342-0},
	url          = {https://doi.org/10.1038/s41598-018-32342-0}
}
@article{George2020,
	title        = {Metabolic Engineering Strategies in Diatoms Reveal Unique Phenotypes and Genetic Configurations With Implications for Algal Genetics and Synthetic Biology},
	author       = {Jestin George and Tim Kahlke and Raffaela M. Abbriano and Unnikrishnan Kuzhiumparambil and Peter J. Ralph and Michele Fabris},
	year         = 2020,
	month        = jun,
	publisher    = {Frontiers Media {SA}},
	volume       = 8,
	doi          = {10.3389/fbioe.2020.00513},
	url          = {https://doi.org/10.3389/fbioe.2020.00513}
}
@article{Beratto-Ramos2018,
	title        = {Selection criteria for high-value biomass: seasonal and morphological variation of polyphenolic content and antioxidant capacity in two brown macroalgae},
	author       = {Angelo Beratto-Ramos and Rosario del P. Castillo-Felices and Nicol{\'{a}}s A. Troncoso-Leon and Andr{\'{e}}s Agurto-Mu{\~{n}}oz and Cristian Agurto-Mu{\~{n}}oz},
	year         = 2018,
	month        = jun,
	publisher    = {Springer Science and Business Media {LLC}},
	volume       = 31,
	number       = 1,
	pages        = {653--664},
	doi          = {10.1007/s10811-018-1528-9},
	url          = {https://doi.org/10.1007/s10811-018-1528-9}
}
@article{Karas2015,
	title        = {Designer diatom episomes delivered by bacterial conjugation},
	author       = {Bogumil J. Karas and Rachel E. Diner and Stephane C. Lefebvre and Jeff McQuaid and Alex P.R. Phillips and Chari M. Noddings and John K. Brunson and Ruben E. Valas and Thomas J. Deerinck and Jelena Jablanovic and Jeroen T.F. Gillard and Karen Beeri and Mark H. Ellisman and John I. Glass and Clyde A. Hutchison III and Hamilton O. Smith and J. Craig Venter and Andrew E. Allen and Christopher L. Dupont and Philip D. Weyman},
	year         = 2015,
	month        = apr,
	publisher    = {Springer Science and Business Media {LLC}},
	volume       = 6,
	number       = 1,
	doi          = {10.1038/ncomms7925},
	url          = {https://doi.org/10.1038/ncomms7925}
}
@article{Boynton1988,
	title        = {Chloroplast transformation in Chlamydomonas with high velocity microprojectiles},
	author       = {J. Boynton and N. Gillham and E. Harris and J. Hosler and A. Johnson and A. Jones and B. Randolph-Anderson and D Robertson and T. Klein and K. Shark and al. et},
	year         = 1988,
	month        = jun,
	publisher    = {American Association for the Advancement of Science ({AAAS})},
	volume       = 240,
	number       = 4858,
	pages        = {1534--1538},
	doi          = {10.1126/science.2897716},
	url          = {https://doi.org/10.1126/science.2897716}
}
@article{Wannathong2016,
	title        = {New tools for chloroplast genetic engineering allow the synthesis of human growth hormone in the green alga Chlamydomonas reinhardtii},
	author       = {Thanyanan Wannathong and Janet C. Waterhouse and Rosanna E. B. Young and Chloe K. Economou and Saul Purton},
	year         = 2016,
	month        = feb,
	publisher    = {Springer Science and Business Media {LLC}},
	volume       = 100,
	number       = 12,
	pages        = {5467--5477},
	doi          = {10.1007/s00253-016-7354-6},
	url          = {https://doi.org/10.1007/s00253-016-7354-6}
}
@article{Patron2015,
	title        = {Standards for plant synthetic biology: a common syntax for exchange of {DNA} parts},
	author       = {Nicola J. Patron and Diego Orzaez and Sylvestre Marillonnet and Heribert Warzecha and Colette Matthewman and Mark Youles and Oleg Raitskin and Aymeric Leveau and Gemma Farr{\'{e}} and Christian Rogers and Alison Smith and Julian Hibberd and Alex A. R. Webb and James Locke and Sebastian Schornack and Jim Ajioka and David C. Baulcombe and Cyril Zipfel and Sophien Kamoun and Jonathan D. G. Jones and Hannah Kuhn and Silke Robatzek and H. Peter Van Esse and Dale Sanders and Giles Oldroyd and Cathie Martin and Rob Field and Sarah O{\textquotesingle}Connor and Samantha Fox and Brande Wulff and Ben Miller and Andy Breakspear and Guru Radhakrishnan and Pierre-Marc Delaux and Dominique Loqu{\'{e}} and Antonio Granell and Alain Tissier and Patrick Shih and Thomas P. Brutnell and W. Paul Quick and Heiko Rischer and Paul D. Fraser and Asaph Aharoni and Christine Raines and Paul F. South and Jean-Michel An{\'{e}} and Bj\"{o}rn R. Hamberger and Jane Langdale and Jens Stougaard and Harro Bouwmeester and Michael Udvardi and James A. H. Murray and Vardis Ntoukakis and Patrick Sch\"{a}fer and Katherine Denby and Keith J. Edwards and Anne Osbourn and Jim Haseloff},
	year         = 2015,
	month        = jul,
	publisher    = {Wiley},
	volume       = 208,
	number       = 1,
	pages        = {13--19},
	doi          = {10.1111/nph.13532},
	url          = {https://doi.org/10.1111/nph.13532}
}
@article{Weber2011,
	title        = {A Modular Cloning System for Standardized Assembly of Multigene Constructs},
	author       = {Ernst Weber and Carola Engler and Ramona Gruetzner and Stefan Werner and Sylvestre Marillonnet},
	year         = 2011,
	month        = feb,
	publisher    = {Public Library of Science ({PLoS})},
	volume       = 6,
	number       = 2,
	pages        = {e16765},
	doi          = {10.1371/journal.pone.0016765},
	url          = {https://doi.org/10.1371/journal.pone.0016765},
	editor       = {Jean Peccoud}
}
@article{Engler2008,
	title        = {A One Pot,  One Step,  Precision Cloning Method with High Throughput Capability},
	author       = {Carola Engler and Romy Kandzia and Sylvestre Marillonnet},
	year         = 2008,
	month        = nov,
	publisher    = {Public Library of Science ({PLoS})},
	volume       = 3,
	number       = 11,
	pages        = {e3647},
	doi          = {10.1371/journal.pone.0003647},
	url          = {https://doi.org/10.1371/journal.pone.0003647},
	editor       = {Hany A. El-Shemy}
}
@article{Pollak2020,
	title        = {Autoimmune psychosis: an international consensus on an approach to the diagnosis and management of psychosis of suspected autoimmune origin},
	author       = {Thomas A Pollak and Belinda R Lennox and Sabine M\"{u}ller and Michael E Benros and Harald Pr\"{u}ss and Ludger Tebartz van Elst and Hans Klein and Johann Steiner and Thomas Frodl and Bernhard Bogerts and Li Tian and Laurent Groc and Alkomiet Hasan and Bernhard T Baune and Dominique Endres and Ebrahim Haroon and Robert Yolken and Francesco Benedetti and Angelos Halaris and Jeffrey H Meyer and Hans Stassen and Marion Leboyer and Dietmar Fuchs and Markus Otto and David A Brown and Angela Vincent and Souhel Najjar and Karl Bechter},
	year         = 2020,
	month        = jan,
	publisher    = {Elsevier {BV}},
	volume       = 7,
	number       = 1,
	pages        = {93--108},
	doi          = {10.1016/s2215-0366(19)30290-1},
	url          = {https://doi.org/10.1016/s2215-0366(19)30290-1}
}
@article{Torella2013,
	title        = {Rapid construction of insulated genetic circuits via synthetic sequence-guided isothermal assembly},
	author       = {Joseph P. Torella and Christian R. Boehm and Florian Lienert and Jan-Hung Chen and Jeffrey C. Way and Pamela A. Silver},
	year         = 2013,
	month        = sep,
	publisher    = {Oxford University Press ({OUP})},
	volume       = 42,
	number       = 1,
	pages        = {681--689},
	doi          = {10.1093/nar/gkt860},
	url          = {https://doi.org/10.1093/nar/gkt860}
}
@article{Gibson2008,
	title        = {Complete Chemical Synthesis,  Assembly,  and Cloning of a Mycoplasma genitalium Genome},
	author       = {Daniel G. Gibson and Gwynedd A. Benders and Cynthia Andrews-Pfannkoch and Evgeniya A. Denisova and Holly Baden-Tillson and Jayshree Zaveri and Timothy B. Stockwell and Anushka Brownley and David W. Thomas and Mikkel A. Algire and Chuck Merryman and Lei Young and Vladimir N. Noskov and John I. Glass and J. Craig Venter and Clyde A. Hutchison and Hamilton O. Smith},
	year         = 2008,
	month        = feb,
	publisher    = {American Association for the Advancement of Science ({AAAS})},
	volume       = 319,
	number       = 5867,
	pages        = {1215--1220},
	doi          = {10.1126/science.1151721},
	url          = {https://doi.org/10.1126/science.1151721}
}
@article{Andreou2018,
	title        = {Mobius Assembly: A versatile Golden-Gate framework towards universal {DNA} assembly},
	author       = {Andreas I. Andreou and Naomi Nakayama},
	year         = 2018,
	month        = jan,
	publisher    = {Public Library of Science ({PLoS})},
	volume       = 13,
	number       = 1,
	pages        = {e0189892},
	doi          = {10.1371/journal.pone.0189892},
	url          = {https://doi.org/10.1371/journal.pone.0189892},
	editor       = {Mark Isalan}
}
@incollection{Andreou2020,
	title        = {Mobius Assembly},
	author       = {Andreas I. Andreou and Naomi Nakayama},
	year         = 2020,
	publisher    = {Springer {US}},
	pages        = {201--218},
	doi          = {10.1007/978-1-0716-0908-8_12},
	url          = {https://doi.org/10.1007/978-1-0716-0908-8_12}
}
@article{Sarrion-Perdigones2013,
	title        = {{GoldenBraid} 2.0: A Comprehensive {DNA} Assembly Framework for Plant Synthetic Biology},
	author       = {A. Sarrion-Perdigones and M. Vazquez-Vilar and J. Palaci and B. Castelijns and J. Forment and P. Ziarsolo and J. Blanca and A. Granell and D. Orzaez},
	year         = 2013,
	month        = may,
	publisher    = {Oxford University Press ({OUP})},
	volume       = 162,
	number       = 3,
	pages        = {1618--1631},
	doi          = {10.1104/pp.113.217661},
	url          = {https://doi.org/10.1104/pp.113.217661}
}
@article{Sarrion-Perdigones2011,
	title        = {{GoldenBraid}: An Iterative Cloning System for Standardized Assembly of Reusable Genetic Modules},
	author       = {Alejandro Sarrion-Perdigones and Erica Elvira Falconi and Sara I. Zandalinas and Paloma Ju{\'{a}}rez and Asun Fern{\'{a}}ndez-del-Carmen and Antonio Granell and Diego Orzaez},
	year         = 2011,
	month        = jul,
	publisher    = {Public Library of Science ({PLoS})},
	volume       = 6,
	number       = 7,
	pages        = {e21622},
	doi          = {10.1371/journal.pone.0021622},
	url          = {https://doi.org/10.1371/journal.pone.0021622},
	editor       = {Jean Peccoud}
}
@article{Niederholtmeyer2010,
	title        = {Engineering Cyanobacteria To Synthesize and Export Hydrophilic Products},
	author       = {Henrike Niederholtmeyer and Bernd T. Wolfst\"{a}dter and David F. Savage and Pamela A. Silver and Jeffrey C. Way},
	year         = 2010,
	month        = jun,
	publisher    = {American Society for Microbiology},
	volume       = 76,
	number       = 11,
	pages        = {3462--3466},
	doi          = {10.1128/aem.00202-10},
	url          = {https://doi.org/10.1128/aem.00202-10}
}
@article{Wlodarczyk2020,
	title        = {Newly discovered Synechococcus sp. {PCC} 11901 is a robust cyanobacterial strain for high biomass production},
	author       = {Artur W{\l}odarczyk and Tiago Toscano Sel{\~{a}}o and Birgitta Norling and Peter J. Nixon},
	year         = 2020,
	month        = may,
	publisher    = {Springer Science and Business Media {LLC}},
	volume       = 3,
	number       = 1,
	doi          = {10.1038/s42003-020-0910-8},
	url          = {https://doi.org/10.1038/s42003-020-0910-8}
}
@article{Kachel2020,
	title        = {Engineering of Synechococcus sp. strain {PCC} 7002 for the photoautotrophic production of light-sensitive riboflavin (vitamin B2)},
	author       = {Benjamin Kachel and Matthias Mack},
	year         = 2020,
	month        = nov,
	publisher    = {Elsevier {BV}},
	volume       = 62,
	pages        = {275--286},
	doi          = {10.1016/j.ymben.2020.09.010},
	url          = {https://doi.org/10.1016/j.ymben.2020.09.010}
}
@article{Rasala2013,
	title        = {Expanding the spectral palette of fluorescent proteins for the green {microalgaChlamydomonas} reinhardtii},
	author       = {Beth A. Rasala and Daniel J. Barrera and Jenny Ng and Thomas M. Plucinak and Julian N. Rosenberg and Donald P. Weeks and George A. Oyler and Todd C. Peterson and Farzad Haerizadeh and Stephen P. Mayfield},
	year         = 2013,
	month        = apr,
	publisher    = {Wiley},
	volume       = 74,
	number       = 4,
	pages        = {545--556},
	doi          = {10.1111/tpj.12165},
	url          = {https://doi.org/10.1111/tpj.12165}
}
@article{Kavna2009,
	title        = {Spectral characteristic of fluorescence induction in a model cyanobacterium,  Synechococcus sp. ({PCC} 7942)},
	author       = {Radek Ka{\v{n}}a and Ond{\v{r}}ej Pr{\'{a}}{\v{s}}il and Ond{\v{r}}ej Kom{\'{a}}rek and George C. Papageorgiou and  Govindjee},
	year         = 2009,
	month        = oct,
	publisher    = {Elsevier {BV}},
	volume       = 1787,
	number       = 10,
	pages        = {1170--1178},
	doi          = {10.1016/j.bbabio.2009.04.013},
	url          = {https://doi.org/10.1016/j.bbabio.2009.04.013}
}
@article{He2020,
	title        = {A reporter for noninvasively monitoring gene expression and plant transformation},
	author       = {Yubing He and Tao Zhang and Hui Sun and Huadong Zhan and Yunde Zhao},
	year         = 2020,
	month        = sep,
	publisher    = {Springer Science and Business Media {LLC}},
	volume       = 7,
	number       = 1,
	doi          = {10.1038/s41438-020-00390-1},
	url          = {https://doi.org/10.1038/s41438-020-00390-1}
}
@article{Beal2018,
	title        = {Quantification of bacterial fluorescence using independent calibrants},
	author       = {Jacob Beal and Traci Haddock-Angelli and Geoff Baldwin and Markus Gershater and Ari Dwijayanti and Marko Storch and Kim de Mora and Meagan Lizarazo and Randy Rettberg and},
	year         = 2018,
	month        = jun,
	publisher    = {Public Library of Science ({PLoS})},
	volume       = 13,
	number       = 6,
	pages        = {e0199432},
	doi          = {10.1371/journal.pone.0199432},
	url          = {https://doi.org/10.1371/journal.pone.0199432},
	editor       = {Daniel Olson}
}
@article{Beal2020,
	title        = {Robust estimation of bacterial cell count from optical density},
	author       = {Jacob Beal and Natalie G. Farny and Traci Haddock-Angelli and Vinoo Selvarajah and Geoff S. Baldwin and Russell Buckley-Taylor},
	year         = 2020,
	month        = sep,
	publisher    = {Springer Science and Business Media {LLC}},
	volume       = 3,
	number       = 1,
	doi          = {10.1038/s42003-020-01127-5},
	url          = {https://doi.org/10.1038/s42003-020-01127-5}
}
@article{Schaumberg2015,
	title        = {Quantitative characterization of genetic parts and circuits for plant synthetic biology},
	author       = {Katherine A Schaumberg and Mauricio S Antunes and Tessema K Kassaw and Wenlong Xu and Christopher S Zalewski and June I Medford and Ashok Prasad},
	year         = 2015,
	month        = nov,
	publisher    = {Springer Science and Business Media {LLC}},
	volume       = 13,
	number       = 1,
	pages        = {94--100},
	doi          = {10.1038/nmeth.3659},
	url          = {https://doi.org/10.1038/nmeth.3659}
}
@article{Andrade2018,
	title        = {Chlorella and Spirulina Microalgae as Sources of Functional Foods,  Nutraceuticals,  and Food Supplements; an Overview},
	author       = {Lidiane M Andrade},
	year         = 2018,
	month        = jan,
	publisher    = {{MedCrave} Group,  {LLC}},
	volume       = 6,
	number       = 1,
	doi          = {10.15406/mojfpt.2018.06.00144},
	url          = {https://doi.org/10.15406/mojfpt.2018.06.00144}
}
@article{Torres-Tiji2020,
	title        = {Microalgae as a future food source},
	author       = {Yasin Torres-Tiji and Francis J. Fields and Stephen P. Mayfield},
	year         = 2020,
	month        = jul,
	publisher    = {Elsevier {BV}},
	volume       = 41,
	pages        = 107536,
	doi          = {10.1016/j.biotechadv.2020.107536},
	url          = {https://doi.org/10.1016/j.biotechadv.2020.107536}
}
@incollection{Yunes2019,
	title        = {Cyanobacterial Toxins},
	author       = {Joao Sarkis Yunes},
	year         = 2019,
	publisher    = {Elsevier},
	pages        = {443--458},
	doi          = {10.1016/b978-0-12-814667-5.00022-2},
	url          = {https://doi.org/10.1016/b978-0-12-814667-5.00022-2}
}
@incollection{Sivonen2009,
	title        = {Cyanobacterial Toxins},
	author       = {K. Sivonen},
	year         = 2009,
	publisher    = {Elsevier},
	pages        = {290--307},
	doi          = {10.1016/b978-012373944-5.00005-5},
	url          = {https://doi.org/10.1016/b978-012373944-5.00005-5}
}
@article{Otero-Muras2021,
	title        = {Automated engineering of synthetic metabolic pathways for efficient biomanufacturing},
	author       = {Irene Otero-Muras and Pablo Carbonell},
	year         = 2021,
	month        = jan,
	publisher    = {Elsevier {BV}},
	volume       = 63,
	pages        = {61--80},
	doi          = {10.1016/j.ymben.2020.11.012},
	url          = {https://doi.org/10.1016/j.ymben.2020.11.012}
}
@article{Zhou2019,
	title        = {Directed Evolution of an Improved Rubisco; In Vitro Analyses to Decipher Fact from Fiction},
	author       = {Yu Zhou and Spencer Whitney},
	year         = 2019,
	month        = oct,
	publisher    = {{MDPI} {AG}},
	volume       = 20,
	number       = 20,
	pages        = 5019,
	doi          = {10.3390/ijms20205019},
	url          = {https://doi.org/10.3390/ijms20205019}
}
@article{Shih2016,
	title        = {Biochemical characterization of predicted Precambrian {RuBisCO}},
	author       = {Patrick M. Shih and Alessandro Occhialini and Jeffrey C. Cameron and P John Andralojc and Martin A. J. Parry and Cheryl A. Kerfeld},
	year         = 2016,
	month        = jan,
	publisher    = {Springer Science and Business Media {LLC}},
	volume       = 7,
	number       = 1,
	doi          = {10.1038/ncomms10382},
	url          = {https://doi.org/10.1038/ncomms10382}
}
@article{Nielsen2003,
	title        = {It Is All about {MetabolicFluxes}},
	author       = {Jens Nielsen},
	year         = 2003,
	month        = dec,
	publisher    = {American Society for Microbiology},
	volume       = 185,
	number       = 24,
	pages        = {7031--7035},
	doi          = {10.1128/jb.185.24.7031-7035.2003},
	url          = {https://doi.org/10.1128/jb.185.24.7031-7035.2003}
}
@article{Wang2017,
	title        = {Cofactor engineering for more efficient production of chemicals and biofuels},
	author       = {Meng Wang and Biqiang Chen and Yunming Fang and Tianwei Tan},
	year         = 2017,
	month        = dec,
	publisher    = {Elsevier {BV}},
	volume       = 35,
	number       = 8,
	pages        = {1032--1039},
	doi          = {10.1016/j.biotechadv.2017.09.008},
	url          = {https://doi.org/10.1016/j.biotechadv.2017.09.008}
}
@article{Hanson2016,
	title        = {Towards engineering carboxysomes into C3 plants},
	author       = {Maureen R. Hanson and Myat T. Lin and A. Elizabete Carmo-Silva and Martin A.J. Parry},
	year         = 2016,
	month        = jun,
	publisher    = {Wiley},
	volume       = 87,
	number       = 1,
	pages        = {38--50},
	doi          = {10.1111/tpj.13139},
	url          = {https://doi.org/10.1111/tpj.13139}
}
@article{Fang2018,
	title        = {Engineering and Modulating Functional Cyanobacterial {CO}2-Fixing Organelles},
	author       = {Yi Fang and Fang Huang and Matthew Faulkner and Qiuyao Jiang and Gregory F. Dykes and Mengru Yang and Lu-Ning Liu},
	year         = 2018,
	month        = jun,
	publisher    = {Frontiers Media {SA}},
	volume       = 9,
	doi          = {10.3389/fpls.2018.00739},
	url          = {https://doi.org/10.3389/fpls.2018.00739}
}
@article{Long2018,
	title        = {Carboxysome encapsulation of the {CO}2-fixing enzyme Rubisco in tobacco chloroplasts},
	author       = {Benedict M. Long and Wei Yih Hee and Robert E. Sharwood and Benjamin D. Rae and Sarah Kaines and Yi-Leen Lim and Nghiem D. Nguyen and Baxter Massey and Soumi Bala and Susanne von Caemmerer and Murray R. Badger and G. Dean Price},
	year         = 2018,
	month        = sep,
	publisher    = {Springer Science and Business Media {LLC}},
	volume       = 9,
	number       = 1,
	doi          = {10.1038/s41467-018-06044-0},
	url          = {https://doi.org/10.1038/s41467-018-06044-0}
}
@article{Liang2018,
	title        = {Engineering photoautotrophic carbon fixation for enhanced growth and productivity},
	author       = {Feiyan Liang and Pia Lindberg and Peter Lindblad},
	year         = 2018,
	publisher    = {Royal Society of Chemistry ({RSC})},
	volume       = 2,
	number       = 12,
	pages        = {2583--2600},
	doi          = {10.1039/c8se00281a},
	url          = {https://doi.org/10.1039/c8se00281a}
}
@article{Lowe2021,
	title        = {In-depth computational analysis of natural and artificial carbon fixation pathways},
	author       = {Hannes L\"{o}we and Andreas Kremling},
	year         = 2021,
	month        = jan,
	publisher    = {Cold Spring Harbor Laboratory},
	doi          = {10.1101/2021.01.05.425423},
	url          = {https://doi.org/10.1101/2021.01.05.425423}
}
@article{South2019,
	title        = {Synthetic glycolate metabolism pathways stimulate crop growth and productivity in the field},
	author       = {Paul F. South and Amanda P. Cavanagh and Helen W. Liu and Donald R. Ort},
	year         = 2019,
	month        = jan,
	publisher    = {American Association for the Advancement of Science ({AAAS})},
	volume       = 363,
	number       = 6422,
	pages        = {eaat9077},
	doi          = {10.1126/science.aat9077},
	url          = {https://doi.org/10.1126/science.aat9077}
}
@article{Roell2021,
	title        = {A synthetic C4 shuttle via the $\beta$-hydroxyaspartate cycle in C3 plants},
	author       = {Marc-Sven Roell and Lennart Schada von Borzyskowski and Philipp Westhoff and Anastasija Plett and Nicole Paczia and Peter Claus and Urte Schlueter and Tobias J. Erb and Andreas P.M. Weber},
	year         = 2021,
	month        = may,
	publisher    = {Proceedings of the National Academy of Sciences},
	volume       = 118,
	number       = 21,
	pages        = {e2022307118},
	doi          = {10.1073/pnas.2022307118},
	url          = {https://doi.org/10.1073/pnas.2022307118}
}
@article{Xin2014,
	title        = {The Benefits of Photorespiratory Bypasses: How Can They Work?},
	author       = {Chang-Peng Xin and Danny Tholen and Vincent Devloo and Xin-Guang Zhu},
	year         = 2014,
	month        = dec,
	publisher    = {Oxford University Press ({OUP})},
	volume       = 167,
	number       = 2,
	pages        = {574--585},
	doi          = {10.1104/pp.114.248013},
	url          = {https://doi.org/10.1104/pp.114.248013}
}
@article{Khurshid2020,
	title        = {A cyanobacterial photorespiratory bypass model to enhance photosynthesis by rerouting photorespiratory pathway in C3 plants},
	author       = {Ghazal Khurshid and Anum Zeb Abbassi and Muhammad Farhan Khalid and Mahnoor Naseer Gondal and Tatheer Alam Naqvi and Mohammad Maroof Shah and Safee Ullah Chaudhary and Raza Ahmad},
	year         = 2020,
	month        = nov,
	publisher    = {Springer Science and Business Media {LLC}},
	volume       = 10,
	number       = 1,
	doi          = {10.1038/s41598-020-77894-2},
	url          = {https://doi.org/10.1038/s41598-020-77894-2}
}
@article{Basler2016,
	title        = {Photorespiratory Bypasses Lead to Increased Growth in Arabidopsis thaliana: Are Predictions Consistent with Experimental Evidence?},
	author       = {Georg Basler and Anika K\"{u}ken and Alisdair R. Fernie and Zoran Nikoloski},
	year         = 2016,
	month        = apr,
	publisher    = {Frontiers Media {SA}},
	volume       = 4,
	doi          = {10.3389/fbioe.2016.00031},
	url          = {https://doi.org/10.3389/fbioe.2016.00031}
}
@article{Bloom2018,
	title        = {Manganese binding to Rubisco could drive a photorespiratory pathway that increases the energy efficiency of photosynthesis},
	author       = {Arnold J. Bloom and Kyle M. Lancaster},
	year         = 2018,
	month        = jul,
	publisher    = {Springer Science and Business Media {LLC}},
	volume       = 4,
	number       = 7,
	pages        = {414--422},
	doi          = {10.1038/s41477-018-0191-0},
	url          = {https://doi.org/10.1038/s41477-018-0191-0}
}
@article{Lea-Smith2016,
	title        = {Generation of Marked and Markerless Mutants in Model Cyanobacterial Species},
	author       = {David J. Lea-Smith and Ravendran Vasudevan and Christopher J. Howe},
	year         = 2016,
	month        = may,
	publisher    = {MyJove Corporation},
	number       = 111,
	doi          = {10.3791/54001},
	url          = {https://doi.org/10.3791/54001}
}
@incollection{Yadav2018,
	title        = {Overview and Principles of Bioengineering},
	author       = {Dinesh Yadav and Aiman Tanveer and Neha Malviya and Sangeeta Yadav},
	year         = 2018,
	publisher    = {Elsevier},
	pages        = {3--23},
	doi          = {10.1016/b978-0-12-804659-3.00001-4},
	url          = {https://doi.org/10.1016/b978-0-12-804659-3.00001-4}
}
@incollection{Wuest2011,
	title        = {Metabolic Engineering},
	author       = {D.M. Wuest and S. Hou and K.H. Lee},
	year         = 2011,
	publisher    = {Elsevier},
	pages        = {617--628},
	doi          = {10.1016/b978-0-08-088504-9.00229-4},
	url          = {https://doi.org/10.1016/b978-0-08-088504-9.00229-4}
}
@incollection{Teng2020,
	title        = {System metabolic engineering strategies for cell factories construction},
	author       = {Maofang Teng and Shuaili Chen and Xinxin Yin and Guoqiang Zhang},
	year         = 2020,
	publisher    = {Elsevier},
	pages        = {125--151},
	doi          = {10.1016/b978-0-12-821753-5.00006-x},
	url          = {https://doi.org/10.1016/b978-0-12-821753-5.00006-x}
}
@incollection{Wei2020,
	title        = {In vitro metabolic engineering: current status and recent progress},
	author       = {Xinlei Wei and Dongdong Meng and Chun You},
	year         = 2020,
	publisher    = {Elsevier},
	pages        = {183--206},
	doi          = {10.1016/b978-0-12-821753-5.00008-3},
	url          = {https://doi.org/10.1016/b978-0-12-821753-5.00008-3}
}
@article{Tang2011,
	title        = {Carbon Metabolic Pathways in Phototrophic Bacteria and Their Broader Evolutionary Implications},
	author       = {Kuo-Hsiang Tang and Yinjie J. Tang and Robert Eugene Blankenship},
	year         = 2011,
	publisher    = {Frontiers Media {SA}},
	volume       = 2,
	doi          = {10.3389/fmicb.2011.00165},
	url          = {https://doi.org/10.3389/fmicb.2011.00165}
}
@article{Asplund-Samuelsson2021,
	title        = {Wide range of metabolic adaptations to the acquisition of the Calvin cycle revealed by comparison of microbial genomes},
	author       = {Johannes Asplund-Samuelsson and Elton P. Hudson},
	year         = 2021,
	month        = feb,
	publisher    = {Public Library of Science ({PLoS})},
	volume       = 17,
	number       = 2,
	pages        = {e1008742},
	doi          = {10.1371/journal.pcbi.1008742},
	url          = {https://doi.org/10.1371/journal.pcbi.1008742},
	editor       = {Christopher Rao}
}
@article{Jablonsky2016,
	title        = {Different strategies of metabolic regulation in cyanobacteria: from transcriptional to biochemical control},
	author       = {Jiri Jablonsky and Stepan Papacek and Martin Hagemann},
	year         = 2016,
	month        = sep,
	publisher    = {Springer Science and Business Media {LLC}},
	volume       = 6,
	number       = 1,
	doi          = {10.1038/srep33024},
	url          = {https://doi.org/10.1038/srep33024}
}
@incollection{Klemencic2017,
	title        = {Synthetic biology of cyanobacteria for production of biofuels and high-value products},
	author       = {M. Klemen{\v{c}}i{\v{c}} and A.Z. Nielsen and Y. Sakuragi and N.-U. Frigaard and H. {\v{C}}ele{\v{s}}nik and P.E. Jensen and M. Dolinar},
	year         = 2017,
	publisher    = {Elsevier},
	pages        = {305--325},
	doi          = {10.1016/b978-0-08-101023-5.00013-3},
	url          = {https://doi.org/10.1016/b978-0-08-101023-5.00013-3}
}
@article{Yasemi2021,
	title        = {Modelling Cell Metabolism: A Review on Constraint-Based Steady-State and Kinetic Approaches},
	author       = {Mohammadreza Yasemi and Mario Jolicoeur},
	year         = 2021,
	month        = feb,
	publisher    = {{MDPI} {AG}},
	volume       = 9,
	number       = 2,
	pages        = 322,
	doi          = {10.3390/pr9020322},
	url          = {https://doi.org/10.3390/pr9020322}
}
@article{Orth2010,
	title        = {What is flux balance analysis?},
	author       = {Jeffrey D Orth and Ines Thiele and Bernhard {\O} Palsson},
	year         = 2010,
	month        = mar,
	publisher    = {Springer Science and Business Media {LLC}},
	volume       = 28,
	number       = 3,
	pages        = {245--248},
	doi          = {10.1038/nbt.1614},
	url          = {https://doi.org/10.1038/nbt.1614}
}
@article{Broddrick2016,
	title        = {Unique attributes of cyanobacterial metabolism revealed by improved genome-scale metabolic modeling and essential gene analysis},
	author       = {Jared T. Broddrick and Benjamin E. Rubin and David G. Welkie and Niu Du and Nathan Mih and Spencer Diamond and Jenny J. Lee and Susan S. Golden and Bernhard O. Palsson},
	year         = 2016,
	month        = dec,
	publisher    = {Proceedings of the National Academy of Sciences},
	volume       = 113,
	number       = 51,
	pages        = {E8344--E8353},
	doi          = {10.1073/pnas.1613446113},
	url          = {https://doi.org/10.1073/pnas.1613446113}
}
@article{Vivek-Anath2016,
	title        = {Advances in the integration of transcriptional regulatory information into genome-scale metabolic models},
	author       = {R.P. Vivek-Ananth and Areejit Samal},
	year         = 2016,
	month        = sep,
	publisher    = {Elsevier {BV}},
	volume       = 147,
	pages        = {1--10},
	doi          = {10.1016/j.biosystems.2016.06.001},
	url          = {https://doi.org/10.1016/j.biosystems.2016.06.001}
}


@incollection{Wei2020,
  doi = {10.1016/b978-0-12-821753-5.00008-3},
  url = {https://doi.org/10.1016/b978-0-12-821753-5.00008-3},
  year = {2020},
  publisher = {Elsevier},
  pages = {183--206},
  author = {Xinlei Wei and Dongdong Meng and Chun You},
  title = {In vitro metabolic engineering: current status and recent progress}
}